<?xml version="1.0" encoding="UTF-8"?><Document xmlns:xsi="http://www.w3.org/2001/XMLSchema-instance" xsi:schemaLocation="urn:iso:std:iso:20022:tech:xsd:pain.008.001.02 pain.008.001.02.xsd" xmlns="urn:iso:std:iso:20022:tech:xsd:pain.008.001.02"><CstmrDrctDbtInitn><GrpHdr><MsgId>XMPL.20140201.TR0</MsgId><CreDtTm>2023-09-29T09:20:01</CreDtTm><NbOfTxs>1</NbOfTxs><CtrlSum>10.00</CtrlSum><InitgPty><Nm>AmagumorLabs service</Nm></InitgPty></GrpHdr><PmtInf><PmtInfId>XMPL.20140201.TR0.0</PmtInfId><PmtMtd>DD</PmtMtd><BtchBookg>false</BtchBookg><NbOfTxs>1</NbOfTxs><CtrlSum>10.00</CtrlSum><PmtTpInf><SvcLvl><Cd>SEPA</Cd></SvcLvl><LclInstrm><Cd>CORE</Cd></LclInstrm><SeqTp>FRST</SeqTp></PmtTpInf><ReqdColltnDt>2023-09-29</ReqdColltnDt><Cdtr><Nm>long</Nm></Cdtr><CdtrAcct><Id><IBAN>CH9300762011623852957</IBAN></Id></CdtrAcct><CdtrAgt><FinInstnId><Othr><Id>NOTPROVIDED</Id></Othr></FinInstnId></CdtrAgt><ChrgBr>SLEV</ChrgBr><CdtrSchmeId><Id><PrvtId><Othr><Id>DE98ZZZ09999999999</Id><SchmeNm><Prtry>SEPA</Prtry></SchmeNm></Othr></PrvtId></Id></CdtrSchmeId><DrctDbtTxInf><PmtId><InstrId>XMPL.20140201.TR0.0.0</InstrId><EndToEndId>EndToEndId-C001-02-01</EndToEndId></PmtId><InstdAmt Ccy="EUR">10.00</InstdAmt><DrctDbtTx><MndtRltdInf><MndtId>EndToEndId-C001-02-01</MndtId><DtOfSgntr>2023-09-29</DtOfSgntr><AmdmntInd>false</AmdmntInd></MndtRltdInf></DrctDbtTx><DbtrAgt><FinInstnId><Othr><Id>NOTPROVIDED</Id></Othr></FinInstnId></DbtrAgt><Dbtr><Nm>kien</Nm></Dbtr><DbtrAcct><Id><IBAN>CH9530000001623852957</IBAN></Id></DbtrAcct><RmtInf><Ustrd>INVOICE 54</Ustrd></RmtInf></DrctDbtTxInf></PmtInf></CstmrDrctDbtInitn></Document>